@misc { palmer,
		author = "PALMER, J.J.",
		title = "\textit{How to Brew}",
		howpublished = "Brewers Publications. Terceira edição",
		year = 2006
}

@misc { brewersAssoc,
	author = "BREWERS ASSOCIATION",
	title = "\textit{Number of Breweries}",
	howpublished = "Disponível em: \url{https://www.brewersassociation.org/statistics/number-of-breweries/}",
	year = "Acesso em: 12 de novembro de 2015"
}

@misc { bndes,
	author = "CERVIERI JÚNIOR, O. and others",
	title = "\textit{O Setor de Bebidas no Brasil}",
	howpublished = "BNDES Setorial, Rio de Janeiro, n. 40, p. [93]-129",
	month = "set.",
	year = 2015
}

@misc { revCervEd1,
		author = "REVISTA DA CERVEJA",
		howpublished = "n.1",
		month = "mai.",
		year = 2012
}

@misc { revCervEd2,
	author = "REVISTA DA CERVEJA",
	howpublished = "n.2",
	month = "jul.",
	year = 2012
}

@misc { cervbrasil,
	author = "ASSOCIAÇÃO BRASILEIRA DA INDÚSTRIA DA CERVEJA",
	title = "\textit{Anuário 2014}",
	howpublished = "Disponível em: \url{http://www.cervbrasil.org.br/arquivos/anuariofinal2014.pdf}",
	year = "Acesso em: 13 de novembro de 2015"
}

@misc { abrabe,
	author = "ASSOCIAÇÃO BRASILEIRA DE BEBIDAS",
	title = "\textit{Categorias}",
	howpublished = "Disponível em: \url{http://www.abrabe.org.br/categorias/}",
	year = "Acesso em: 18 de novembro de 2015"
}

@misc { eisenhbahn_webs,
	author = "MENDES, J.; PRESSER, D.; BEUTLING, G.",
	title = "\textit{Websérie Cerveja Feita em Casa}",
	howpublished = "Disponível em: \url{https://www.youtube.com/watch?v=u6OlHMPHKC8&list=PLTHts6JwP9UO36T4-4eOVLPdCJ_tBfuZN}",
	year = "Acesso em: 13 de novembro de 2015"
}

@misc { picobrew,
	author = "PICOBREW INC.",
	title = "\textit{Pico Brew}",
	howpublished = "Disponível em: \url{https://www.picobrew.com/}",
	year = "Acesso em: 18 de novembro de 2015"
}

@misc { wwarn,
	author = "WILLIAMSWARN NZ LTD.",
	title = "\textit{The WilliamsWarn Personal Brewery}",
	howpublished = "Disponível em: \url{http://www.williamswarn.com/The-WilliamsWarn#.VkyEqnarTIU}",
	year = "Acesso em: 18 de novembro de 2015"
}

@misc { briggs,
	author = "BRIGGS, D.E. and others",
	title = "\textit{Brewing - Science and Practice}",
	howpublished = "Woodhead Publishing Limited. Terceira edição",
	year = 2011
}

@misc { 1001,
	author = "TIERNEY-JONES, A.",
	title = "\textit{1001 Cervejas para Beber Antes de Morrer}",
	howpublished = "Sextante",
	year = 2011
}

@misc { dogfish,
	author = "DOGFISH HEAD",
	title = "\textit{120 Minute IPA}",
	howpublished = "Disponível em: \url{http://www.dogfish.com/brews-spirits/the-brews/occassional-rarities/120-minute-ipa.htm}",
	year = "Acesso em: 23 de novembro de 2015"
}

@misc { bbb_srm,
	author = "COLEY, G.",
	title = "\textit{BeagleBone Black System Reference Manual}",
	howpublished = "Revision C1, mai. 2014. Disponível em: \url{https://github.com/CircuitCo/BeagleBone-Black/blob/master/BBB_SRM.pdf?raw=true}",
	year = "Acesso em: 02 de dezembro de 2015"
}

@misc { bbb_nannan,
	author = "HE, N.; HUANG, H.W.; WOLTMAN, B.D.",
	title = "\textit{The Use of BeagleBone Black Board in Engineering Design and Development}",
	howpublished = "The 2014 ASEE North Midwest Section Conference, Iowa City, IA",
	month = "out.",
	year = "2014"
}

@misc { soc_manual,
	author = "TEXAS INSTRUMENTS",
	title = "\textit{AM335x Sitara\texttrademark Processors Technical Reference Manual}",
	howpublished = "Revision fev. 2015. Disponível em: \url{http://www.ti.com/lit/ug/spruh73l/spruh73l.pdf}",
	year = "Acesso em: 02 de dezembro de 2015"
}

@misc { pru_assembly_tools,
	author = "TEXAS INSTRUMENTS",
	title = "\textit{PRU assembly language tools v2.1}",
	howpublished = "Disponível em: \url{http://www.ti.com/lit/ug/spruhv6a/spruhv6a.pdf}",
	year = "Acesso em: 29 de março de 2016"
}

@misc { pru_compiler,
	author = "TEXAS INSTRUMENTS",
	title = "\textit{PRU optimizing C/C++ compiler v2.1}",
	howpublished = "Disponível em: \url{http://www.ti.com/lit/ug/spruhv7a/spruhv7a.pdf}",
	year = "Acesso em: 29 de março de 2016"
}

@misc { bbb_pulsegen,
	author = "FEDRIZZI, M.; SORIA, J.",
	title = "\textit{Application of a single-board computer as a low cost pulse generator}",
	howpublished = "Measurement Science and Technology, v. 26, n. 9, set. 2015. Disponível em: \url{http://arxiv.org/abs/1504.07024}",
	year = "Acesso em: 02 de dezembro de 2015"
}

@misc { ds18b20,
	author = "MAXIM INTEGRATED",
	title = "\textit{DS18B20 Programmable Resolution 1-Wire Digital Thermometer}",
	howpublished = "2008. Disponível em: \url{https://datasheets.maximintegrated.com/en/ds/DS18B20.pdf}",
	year = "Acesso em: 02 de dezembro de 2015"
}

@misc { onewire_ov,
	author = "LINKE, B.",
	title = "\textit{Overview of 1-Wire Technology and Its Use}",
	howpublished = "jun. 2008. Disponível em: \url{http://pdfserv.maximintegrated.com/en/an/AN1796.pdf}",
	year = "Acesso em: 02 de dezembro de 2015"
}

@misc { onewire_distance,
	author = "MAXIM INTEGRATED",
	title = "\textit{Guidelines for Reliable Long Line 1-Wire Networks}",
	howpublished = "set. 2008. Disponível em: \url{http://pdfserv.maximintegrated.com/en/an/AN148.pdf}",
	year = "Acesso em: 02 de dezembro de 2015"
}

@misc { onewire_kernel,
	author = "THE LINUX KERNEL ARCHIVES",
	title = "\textit{Index of /doc/Documentation/w1}",
	howpublished = "Disponível em: \url{https://www.kernel.org/doc/Documentation/w1/}",
	year = "Acesso em: 03 de dezembro de 2015"
}

@misc { bbb_debian,
	author = "THE BEAGLEBOARD.ORG FOUNDATION",
	title = "\textit{Debian}",
	howpublished = "Disponível em: \url{http://beagleboard.org/project/debian/}",
	year = "Acesso em: 03 de dezembro de 2015"
}

@misc { bbb_images,
	author = "THE BEAGLEBOARD.ORG FOUNDATION",
	title = "\textit{BeagleBoard.org Latest Firmware Images}",
	howpublished = "Disponível em: \url{http://beagleboard.org/latest-images}",
	year = "Acesso em: 03 de dezembro de 2015"
}

@misc { putty,
	author = "THE BEAGLEBOARD.ORG FOUNDATION",
	title = "\textit{BeagleBoard.org Latest Firmware Images}",
	howpublished = "Disponível em: \url{http://beagleboard.org/latest-images}",
	year = "Acesso em: 03 de dezembro de 2015"
}

@misc { design_thinking,
	author = "KOLKO, J.",
	title = "\textit{Design Thinking Comes of Age}",
	howpublished = "Harvard Business Review, Boston, p. 66-71, set. 2015. Disponível em: \url{https://hbr.org/2015/09/design-thinking-comes-of-age}",
	year = "Acesso em: 04 de dezembro de 2015"
}

@misc { warning_undo,
	author = "RASKIN, A.",
	title = "\textit{Never Use a Warning When You Mean Undo}",
	howpublished = "A List Apart, jul. 2007. Disponível em: \url{http://alistapart.com/article/neveruseawarning}",
	year = "Acesso em: 04 de dezembro de 2015"
}

@misc { byown,
	author = "FODOR, A.",
	title = "\textit{How to Remove Trub}",
	howpublished = "Brew Your Own, v. 3, n. 12, dez. 1997. Disponível em: \url{http://byo.com/stories/issue/item/890-how-to-remove-trub}",
	year = "Acesso em: 14 de dezembro de 2015"
}

@misc { lumme,
	author = "LUMME, J.",
	title = "\textit{BeagleBone Home Automation}",
	howpublished = "Packt Publishing",
	year = 2013
}

@misc { ntp,
	author = "NTP.BR",
	title = "\textit{Saiba mais sobre o NTP}",
	howpublished = "Disponível em: \url{http://ntp.br/}",
	year = "Acesso em: 21 de dezembro de 2015"
}	

@misc { nic,
	author = "NIC.BR",
	title = "\textit{Núcleo de Informação e Coordenação do Ponto BR}",
	howpublished = "Disponível em: \url{http://nic.br/}",
	year = "Acesso em: 21 de dezembro de 2015"
}	

@misc { dsho,
	author = "Divisão Serviço da Hora",
	title = "\textit{Divisão Serviço da Hora - DSHO}",
	howpublished = "Disponível em: \url{http://pcdsh01.on.br/}",
	year = "Acesso em: 21 de dezembro de 2015"
}	

@misc { bbb_devicetree,
	author = "COOPER, J.",
	title = "\textit{Introduction to the BeagleBone Black Device Tree}",
	howpublished = "Disponível em: \url{https://learn.adafruit.com/introduction-to-the-beaglebone-black-device-tree?view=all}",
	year = "Acesso em: 21 de dezembro de 2015"
}	

@misc { devicetree,
	author = "Devicetree.org",
	title = "\textit{Device Tree Usage}",
	howpublished = "Disponível em: \url{http://www.devicetree.org/Device_Tree_Usage}",
	year = "Acesso em: 21 de dezembro de 2015"
}

@misc { derek_devtree,
	author = "MOLLOY, D.",
	title = "\textit{Beaglebone: GPIO Programming on ARM Embedded Linux}",
	howpublished = "mai. 2012. Disponível em: \url{https://www.youtube.com/watch?v=wui_wU1AeQc}",
	year = "Acesso em: 28 de dezembro de 2015"
}

@misc { sedra,
		author = "SEDRA, A.S; SMITH, K.C.",
		title = "\textit{Microelectronic Circuits}",
		howpublished = "New York : Oxford University Press. Sétima edição",
		year = 2015
}

@misc { boylestad,
		author = "BOYLESTAD, R.; NASHELSKY, L.",
		title = "\textit{Dispositivos Eletrônicos e Teoria de Circuitos}",
		howpublished = "LTC - Livros Técnicos e Científicos Editora S.A. Oitava Edição",
		year = 2011
}

@misc { juncoes_vero,
		author = "VERONESE, P.R.",
		title = "\textit{Junções}",
		howpublished = "SEL-EESC-USP",
		year = 2012
}

@misc { dorf,
		author = "DORF, R.C.; BISHOP, R.H.",
		title = "\textit{Sistemas de Controle Modernos}",
		howpublished = "LTC - Livros Técnicos e Científicos Editora S.A. Décima Segunda Edição",
		year = 2013
}
